<?xml version="1.0" encoding="UTF-8"?><record xmlns="http://www.loc.gov/MARC21/slim" xmlns:cinclude="http://apache.org/cocoon/include/1.0" xmlns:zs="http://www.loc.gov/zing/srw/">
  <leader>00508nz  a2200133n  4500</leader>
  <controlfield tag="001">no2008131828</controlfield>
  <controlfield tag="003">DLC</controlfield>
  <controlfield tag="005">20080911080143.0</controlfield>
  <controlfield tag="008">080908n| acannaabn          |n aaa     c</controlfield>
  <datafield tag="010" ind1=" " ind2=" ">
    <subfield code="a">no2008131828</subfield>
  </datafield>
  <datafield tag="035" ind1=" " ind2=" ">
    <subfield code="a">(OCoLC)oca07873743</subfield>
  </datafield>
  <datafield tag="040" ind1=" " ind2=" ">
    <subfield code="a">PSt</subfield>
    <subfield code="b">eng</subfield>
    <subfield code="c">PSt</subfield>
  </datafield>
  <datafield tag="100" ind1="1" ind2=" ">
    <subfield code="a">Greenhill, Leslie P.,</subfield>
    <subfield code="d">1914-1996</subfield>
  </datafield>
  <datafield tag="670" ind1=" " ind2=" ">
    <subfield code="a">Leslie P. Greenhill papers, 1918-1976</subfield>
    <subfield code="b">(Leslie P. Greenhill; b. Sept. 20, 1914, Melbourne, Australia; prof. of education and director of instructional services at Penn State Univ.; d. Sept. 11, 1996)</subfield>
  </datafield>
</record>